@article{franken1961generation,
  title={Generation of optical harmonics},
  author={Franken, PA and Hill, AE and Peters, CW el and Weinreich, G},
  journal={Physical Review Letters},
  volume={7},
  number={4},
  pages={118},
  year={1961},
  publisher={APS}
}

@article{yin2014edge,
  title={Edge nonlinear optics on a MoS2 atomic monolayer},
  author={Yin, Xiaobo and Ye, Ziliang and Chenet, Daniel A and Ye, Yu and Oâ€™Brien, Kevin and Hone, James C and Zhang, Xiang},
  journal={Science},
  volume={344},
  number={6183},
  pages={488--490},
  year={2014},
  publisher={American Association for the Advancement of Science}
}

@article{shen1986surface,
  title={Surface second harmonic generation: a new technique for surface studies},
  author={Shen, YR},
  journal={Annual Review of Materials Science},
  volume={16},
  number={1},
  pages={69--86},
  year={1986},
  publisher={Annual Reviews 4139 El Camino Way, PO Box 10139, Palo Alto, CA 94303-0139, USA}
}


@article{wang2005optical,
  title={The optical resonances in carbon nanotubes arise from excitons},
  author={Wang, Feng and Dukovic, Gordana and Brus, Louis E and Heinz, Tony F},
  journal={Science},
  volume={308},
  number={5723},
  pages={838--841},
  year={2005},
  publisher={American Association for the Advancement of Science}
}

@article{cassabois2015hexagonal,
  title={Hexagonal boron nitride is an indirect bandgap semiconductor},
  author={Cassabois, G and Valvin, P and Gil, B},
  journal={arXiv preprint arXiv:1512.02962},
  year={2015}
}



@inproceedings{berry1984quantal,
  title={Quantal phase factors accompanying adiabatic changes},
  author={Berry, Michael V},
  booktitle={Proceedings of the Royal Society of London A: Mathematical, Physical and Engineering Sciences},
  volume={392},
  number={1802},
  pages={45--57},
  year={1984},
  organization={The Royal Society}
}


@article{bloembergen1964quantum,
  title={Quantum-theoretical comparison of nonlinear susceptibilities in parametric media, lasers, and Raman lasers},
  author={Bloembergen, N and Shen, YR},
  journal={Physical Review},
  volume={133},
  number={1A},
  pages={A37},
  year={1964},
  publisher={APS}
}


@article{wiser1963dielectric,
  title={Dielectric constant with local field effects included},
  author={Wiser, Nathan},
  journal={Physical Review},
  volume={129},
  number={1},
  pages={62},
  year={1963},
  publisher={APS}
}


@article{karplus1948note,
  title={A note on saturation in microwave spectroscopy},
  author={Karplus, Robert and Schwinger, Julian},
  journal={Physical Review},
  volume={73},
  number={9},
  pages={1020},
  year={1948},
  publisher={APS}
}



@article{kubo1954general,
  title={A general theory of magnetic resonance absorption},
  author={Kubo, Ryogo and Tomita, Kazuhisa},
  journal={Journal of the Physical Society of Japan},
  volume={9},
  number={6},
  pages={888--919},
  year={1954},
  publisher={The Physical Society of Japan}
}

@article{RevModPhys.33.249,
  title = {Quantum-Mechanical and Semiclassical Forms of the Density Operator Theory of Relaxation},
  author = {Hubbard, Paul S.},
  journal = {Rev. Mod. Phys.},
  volume = {33},
  issue = {2},
  pages = {249--264},
  numpages = {0},
  year = {1961},
  month = {Apr},
  publisher = {American Physical Society},
  doi = {10.1103/RevModPhys.33.249},
}

@article{PhysRev.102.104,
  title = {Dynamical Theory of Nuclear Induction. II},
  author = {Bloch, F.},
  journal = {Phys. Rev.},
  volume = {102},
  issue = {1},
  pages = {104--135},
  numpages = {0},
  year = {1956},
  month = {Apr},
  publisher = {American Physical Society},
  doi = {10.1103/PhysRev.102.104},
}


@article{PhysRevB.42.3567,
  title = {One-electron formalism for second-harmonic generation in crystalline semiconductors},
  author = {Levine, Zachary H.},
  journal = {Phys. Rev. B},
  volume = {42},
  issue = {6},
  pages = {3567--3577},
  numpages = {0},
  year = {1990},
  month = {Aug},
  publisher = {American Physical Society},
  doi = {10.1103/PhysRevB.42.3567},
}


@article{PhysRevB.50.5756,
  title = {Wannier and Bloch orbital computation of the nonlinear susceptibility},
  author = {Dal Corso, Andrea and Mauri, Francesco},
  journal = {Phys. Rev. B},
  volume = {50},
  issue = {8},
  pages = {5756--5759},
  numpages = {0},
  year = {1994},
  month = {Aug},
  publisher = {American Physical Society},
  doi = {10.1103/PhysRevB.50.5756},
}


@article{andrade2007time,
  title={Time-dependent density functional theory scheme for efficient calculations of dynamic (hyper) polarizabilities},
  author={Andrade, Xavier and Botti, Silvana and Marques, Miguel AL and Rubio, Angel},
  journal={The Journal of chemical physics},
  volume={126},
  number={18},
  pages={184106},
  year={2007},
  publisher={AIP Publishing}
}




@article{ding2013efficient,
  title={An efficient method for calculating dynamical hyperpolarizabilities using real-time time-dependent density functional theory},
  author={Ding, Feizhi and Van Kuiken, Benjamin E and Eichinger, Bruce E and Li, Xiaosong},
  journal={The Journal of chemical physics},
  volume={138},
  number={6},
  pages={064104},
  year={2013},
  publisher={AIP Publishing}
}



@article{PhysRevB.12.2325,
  title = {Theoretical studies on the dispersion of the nonlinear optical susceptibilities in GaAs, InAs, and InSb},
  author = {Fong, C. Y. and Shen, Y. R.},
  journal = {Phys. Rev. B},
  volume = {12},
  issue = {6},
  pages = {2325--2335},
  numpages = {0},
  year = {1975},
  month = {Sep},
  publisher = {American Physical Society},
  doi = {10.1103/PhysRevB.12.2325},
}


@article{PhysRevB.36.9708,
  title = {Empirical tight-binding calculation of dispersion in the second-order nonlinear optical constant for zinc-blende crystals},
  author = {Moss, D. J. and Sipe, J. E. and van Driel, H. M.},
  journal = {Phys. Rev. B},
  volume = {36},
  issue = {18},
  pages = {9708--9721},
  numpages = {0},
  year = {1987},
  month = {Dec},
  publisher = {American Physical Society},
  doi = {10.1103/PhysRevB.36.9708},
}



@article{PhysRevB.61.5337,
  title = {Second-order optical response in semiconductors},
  author = {Sipe, J. E. and Shkrebtii, A. I.},
  journal = {Phys. Rev. B},
  volume = {61},
  issue = {8},
  pages = {5337--5352},
  numpages = {0},
  year = {2000},
  month = {Feb},
  publisher = {American Physical Society},
  doi = {10.1103/PhysRevB.61.5337},
}



@article{PhysRevB.56.1787,
  title = {Nonlinear local-field corrections to the optical second-harmonic susceptibility of insulating crystals},
  author = {Chen, Jian and J\"onsson, Lars and Wilkins, John W. and Levine, Zachary H.},
  journal = {Phys. Rev. B},
  volume = {56},
  issue = {4},
  pages = {1787--1799},
  numpages = {0},
  year = {1997},
  month = {Jul},
  publisher = {American Physical Society},
  doi = {10.1103/PhysRevB.56.1787},
}

@article{gruningtddf1,
  title = {Dielectrics in a time-dependent electric field: A real-time approach based on density-polarization functional theory},
  author = {Gr\"uning, M. and Sangalli, D. and Attaccalite, C.},
  journal = {Phys. Rev. B},
  volume = {94},
  issue = {3},
  pages = {035149},
  numpages = {12},
  year = {2016},
  month = {Jul},
  doi = {10.1103/PhysRevB.94.035149},
}

@unpublished{attaccalite1d,
   author={Attaccalite, Claudio and Gr{\"u}ning, Myrta},
   title={Excitonic effects in third harmonic generation: the case of carbon nanotubes and nanoribbons},
   year = 2016
}


@unpublished{sangalligauge,
   author={Sangalli, D. and Berger, A. and Attaccalite, C. and  Gr\"uning M. and Romaniello, P.},
   title={Optical properties of periodic systems within the current-current response framework: numerical pitfalls and solutions},
   year = 2016
}


@article{gruningtddf2,
author ="Gruning, M. and Attaccalite, C.",
title  ="Performance of polarisation functionals for linear and nonlinear optical properties of bulk zinc chalcogenides ZnX (X = S{,} Se{,} and Te)",
journal  ="Phys. Chem. Chem. Phys.",
year  ="2016",
volume  ="18",
issue  ="31",
pages  ="21179-21189",
publisher  ="The Royal Society of Chemistry",
doi  ="10.1039/C6CP00459H",
}


@article{attaccalite2015strong,
  title={Strong second harmonic generation in SiC, ZnO, GaN two-dimensional hexagonal crystals from first-principles many-body calculations},
  author={Attaccalite, Claudio and Nguer, Alassane and Cannuccia, Elena and Gr{\"u}ning, Myrta},
  journal={Physical Chemistry Chemical Physics},
  volume={17},
  number={14},
  pages={9533--9540},
  year={2015},
  publisher={Royal Society of Chemistry},
  doi={10.1039/C5CP00601E}
}


@article{gruning2014erratum,
  title={Erratum: Second harmonic generation in h-BN and MoS 2 monolayers: Role of electron-hole interaction [Phys. Rev. B 89, 081102 (R)(2014)]},
  author={Gr{\"u}ning, M and Attaccalite, C},
  journal={Physical Review B},
  volume={90},
  number={19},
  pages={199901},
  year={2014},
  publisher={American Physical Society}
}




@misc{Mossotti,
  title = {Clausius-Mossotti relation},
  url ={https://fr.wikipedia.org/wiki/Formule_de_Clausius-Mossotti},
  note = {Wikipedia}
}



@article{vanderbilt1993electric,
  title={Electric polarization as a bulk quantity and its relation to surface charge},
  author={Vanderbilt, David and King-Smith, RD},
  journal={Physical Review B},
  volume={48},
  number={7},
  pages={4442},
  year={1993},
  publisher={APS}
}

@article{bloch1929quantenmechanik,
  title={{\"U}ber die quantenmechanik der elektronen in kristallgittern},
  author={Bloch, Felix},
  journal={Zeitschrift f{\"u}r physik},
  volume={52},
  number={7-8},
  pages={555--600},
  year={1929},
  publisher={Springer}
}

@article{korbel2015optical,
  title={Optical properties of Cu-chalcogenide photovoltaic absorbers from self-consistent G W and the Bethe-Salpeter equation},
  author={K{\"o}rbel, Sabine and Kammerlander, David and Sarmiento-P{\'e}rez, Rafael and Attaccalite, Claudio and Marques, Miguel AL and Botti, Silvana},
  journal={Physical Review B},
  volume={91},
  number={7},
  pages={075134},
  year={2015},
  doi = {10.1103/PhysRevB.91.075134},
  publisher={American Physical Society}
}

@article{faber2014excited,
  title={Excited states properties of organic molecules: from density functional theory to the GW and Bethe--Salpeter Green's function formalisms},
  author={Faber, Carina and Boulanger, Paul and Attaccalite, Claudio and Duchemin, Ivan and Blase, Xavier},
  journal={Philosophical Transactions of the Royal Society of London A: Mathematical, Physical and Engineering Sciences},
  volume={372},
  number={2011},
  pages={20130271},
  year={2014},
  publisher={The Royal Society},
  doi={10.1098/rsta.2013.0271}
}


@article{faber2012electron,
  title={Electron--phonon coupling and charge-transfer excitations in organic systems from many-body perturbation theory},
  author={Faber, Carina and Duchemin, Ivan and Deutsch, Thierry and Attaccalite, Claudio and Olevano, Valerio and Blase, Xavier},
  journal={Journal of Materials Science},
  volume={47},
  number={21},
  pages={7472--7481},
  year={2012},
  publisher={Springer},
  doi={10.1007/s10853-012-6401-7}
}


@article{PhysRevLett.75.4337,
  title = {New High-Intensity Source of Polarization-Entangled Photon Pairs},
  author = {Kwiat, Paul G. and Mattle, Klaus and Weinfurter, Harald and Zeilinger, Anton and Sergienko, Alexander V. and Shih, Yanhua},
  journal = {Phys. Rev. Lett.},
  volume = {75},
  issue = {24},
  pages = {4337--4341},
  numpages = {0},
  year = {1995},
  month = {Dec},
  publisher = {American Physical Society},
  doi = {10.1103/PhysRevLett.75.4337},
}


@article{eisenthal1996liquid,
  title={Liquid interfaces probed by second-harmonic and sum-frequency spectroscopy},
  author={Eisenthal, KB},
  journal={Chemical Reviews},
  volume={96},
  number={4},
  pages={1343--1360},
  year={1996},
  publisher={ACS Publications}
}


@article{maiman1960stimulated,
  title={Stimulated optical radiation in ruby},
  author={Maiman, Theodore H},
  year={1960},
  journal={SPIE milestone series},
  number={173},
  pages={61}
}



@article{zak1989berry,
  title={Berryâ€™s phase for energy bands in solids},
  author={Zak, J},
  journal={Physical review letters},
  volume={62},
  number={23},
  pages={2747},
  year={1989},
  publisher={APS}
}


@book{wilczek1989geometric,
  title={Geometric phases in physics},
  author={Wilczek, Frank and Shapere, Alfred},
  volume={5},
  year={1989},
  publisher={World Scientific}
}



@article{min2014molecular,
  title={Is the molecular Berry phase an artifact of the Born-Oppenheimer approximation?},
  author={Min, Seung Kyu and Abedi, Ali and Kim, Kwang S and Gross, EKU},
  journal={Physical review letters},
  volume={113},
  number={26},
  pages={263004},
  year={2014},
  publisher={APS}
}



@book{pitaevskii2012physical,
  title={Physical kinetics},
  author={Pitaevskii, LP and Lifshitz, EM},
  volume={10},
  year={2012},
  publisher={Butterworth-Heinemann}
}



@article{RevModPhys.74.895,
  title = {Theory of ultrafast phenomena in photoexcited semiconductors},
  author = {Rossi, Fausto and Kuhn, Tilmann},
  journal = {Rev. Mod. Phys.},
  volume = {74},
  issue = {3},
  pages = {895--950},
  numpages = {0},
  year = {2002},
  month = {Aug},
  publisher = {American Physical Society},
  doi = {10.1103/RevModPhys.74.895},
}


@book{haug2008quantum,
  title={Quantum kinetics in transport and optics of semiconductors},
  author={Haug, Hartmut and Jauho, Antti-Pekka and Cardona, M},
  volume={14},
  year={2008},
  publisher={Springer}
}



@article{hedin1999correlation,
  title={On correlation effects in electron spectroscopies and the GW approximation},
  author={Hedin, Lars},
  journal={Journal of Physics: Condensed Matter},
  volume={11},
  number={42},
  pages={R489},
  year={1999},
  publisher={IOP Publishing}
}


@article{doi:10.1021/jp960669l,
author = {W. Kohn and A. D. Becke and and R. G. Parr},
title = {Density Functional Theory of Electronic Structure},
journal = {The Journal of Physical Chemistry},
volume = {100},
number = {31},
pages = {12974-12980},
year = {1996}
}

@article{RevModPhys.87.897,
  title = {Density functional theory: Its origins, rise to prominence, and future},
  author = {Jones, R. O.},
  journal = {Rev. Mod. Phys.},
  volume = {87},
  pages = {897--923},
  year = {2015},
  month = {Aug},
  publisher = {American Physical Society},
}


@article{valiev2010nwchem,
  title={NWChem: a comprehensive and scalable open-source solution for large scale molecular simulations},
  author={Valiev, Marat and Bylaska, Eric J and Govind, Niranjan and Kowalski, Karol and Straatsma, Tjerk P and Van Dam, Hubertus JJ and Wang, Dunyou and Nieplocha, Jarek and Apra, Edoardo and Windus, Theresa L and others},
  journal={Computer Physics Communications},
  volume={181},
  number={9},
  pages={1477--1489},
  year={2010},
  publisher={Elsevier}
}



@article{blase2011charge,
  title={Charge-transfer excitations in molecular donor-acceptor complexes within the many-body Bethe-Salpeter approach},
  author={Blase, Xavier and Attaccalite, Claudio},
  journal={Applied Physics Letters},
  volume={99},
  number={17},
  pages={171909},
  year={2011},
  publisher={AIP Publishing},
  doi={10.1063/1.3655352}
}



@article{doi:10.7566/JPSJ.83.033708,
author = { Atsuo Shitade},
title = {Theory of Charge and Heat Polarizations with the Keldysh Formalism},
journal = {Journal of the Physical Society of Japan},
volume = {83},
number = {3},
pages = {033708},
year = {2014},
}

@article{nourafkan2013electric,
  title={Electric polarization in correlated insulators},
  author={Nourafkan, Reza and Kotliar, Gabriel},
  journal={Physical Review B},
  volume={88},
  number={15},
  pages={155121},
  year={2013},
  publisher={APS}
}


@article{faber2013many,
  title={Many-body Green's function GW and Bethe-Salpeter study of the optical excitations in a paradigmatic model dipeptide},
  author={Faber, Carina and Boulanger, Paul and Duchemin, Ivan and Attaccalite, Claudio and Blase, Xavier},
  journal={The Journal of chemical physics},
  volume={139},
  number={19},
  pages={194308},
  year={2013},
  publisher={AIP Publishing},
  doi={10.1063/1.4830236}
}



@article{PhysRevB.67.085307,
  title = {Efficient $\mathcal{O}{(N}^{2})$ method to solve the Bethe-Salpeter equation},
  author = {Schmidt, W. G. and Glutsch, S. and Hahn, P. H. and Bechstedt, F.},
  journal = {Phys. Rev. B},
  volume = {67},
  issue = {8},
  pages = {085307},
  numpages = {7},
  year = {2003},
  month = {Feb},
  publisher = {American Physical Society},
  doi = {10.1103/PhysRevB.67.085307}
}

@article{faber2015exploring,
  title = {Exploring approximations to the $GW$ self-energy ionic gradients},
  author = {Faber, C. and Boulanger, P. and Attaccalite, C. and Cannuccia, E. and Duchemin, I. and Deutsch, T. and Blase, X.},
  journal = {Phys. Rev. B},
  volume = {91},
  issue = {15},
  pages = {155109},
  numpages = {9},
  year = {2015},
  month = {Apr},
  publisher = {American Physical Society},
  doi = {10.1103/PhysRevB.91.155109},
}

@article{faber2011first,
  title = {First-principles $\mathit{GW}$ calculations for DNA and RNA nucleobases},
  author = {Faber, Carina and Attaccalite, Claudio and Olevano, V. and Runge, E. and Blase, X.},
  journal = {Phys. Rev. B},
  volume = {83},
  issue = {11},
  pages = {115123},
  numpages = {5},
  year = {2011},
  month = {Mar},
  publisher = {American Physical Society},
  doi = {10.1103/PhysRevB.83.115123},
}



@electronic{encylaser,
 author = {RP Photonics},
 editor = {Dr. R\:udiger Paschotta},
 title = {The Encyclopedia of Laser Physics and Technology},
 url = {https://www.rp-photonics.com/encyclopedia.html},
}


@article{resta1999electron,
  title={Electron localization in the insulating state},
  author={Resta, Raffaele and Sorella, Sandro},
  journal={Physical Review Letters},
  volume={82},
  number={2},
  pages={370},
  year={1999},
  publisher={APS}
}

