% This file was created with JabRef 2.7b.
% Encoding: ISO8859_1

@ARTICLE{Abrudan20091704,
  author = {Traian Abrudan and Jan Eriksson and Visa Koivunen},
  title = {Conjugate gradient algorithm for optimization under unitary matrix
	constraint},
  journal = {Signal Processing},
  year = {2009},
  volume = {89},
  pages = {1704 - 1714},
  number = {9}
}

@BOOK{manifolds,
  title = {Optimization Algorithms on Matrix Manifolds},
  publisher = { Princeton University Press},
  year = {2008},
  author = {Absil, P. A. and Mahony, R. and Sepulchre, R.}
}

@ARTICLE{CMR,
  author = {Adams, E. N.},
  title = {Definition of Energy Bands in the Presence of an External Force Field},
  journal = {Phys. Rev.},
  year = {1957},
  volume = {107},
  pages = {698--701},
  publisher = {American Physical Society}
}

@ARTICLE{PhysRev.126.413,
  author = {Adler, Stephen L.},
  title = {Quantum Theory of the Dielectric Constant in Real Solids},
  journal = {Phys. Rev.},
  year = {1962},
  volume = {126},
  pages = {413--420},
  issue = {2},
  publisher = {American Physical Society}
}

@ARTICLE{marini_rim,
  author = {Adragna, Gianni and Del Sole, Rodolfo and Marini, Andrea},
  title = {\textit{Ab initio} calculation of the exchange-correlation kernel
	in extended systems},
  journal = {Phys. Rev. B},
  year = {2003},
  volume = {68},
  pages = {165108},
  issue = {16},
  numpages = {5},
  publisher = {American Physical Society}
}

@ARTICLE{andrade,
  author = {Andrade, Xavier and Sanders, Jacob N and Aspuru-Guzik, Al{\'a}n},
  title = {Application of compressed sensing to the simulation of atomic systems},
  journal = {Proceedings of the National Academy of Sciences},
  year = {2012},
  volume = {109},
  pages = {13928--13933},
  number = {35},
  publisher = {National Acad Sciences}
}

@ARTICLE{andrew1998computation,
  author = {Andrew, Alan L and Tan, Roger CE},
  title = {Computation of derivatives of repeated eigenvalues and the corresponding
	eigenvectors of symmetric matrix pencils},
  journal = {SIAM Journal on Matrix Analysis and Applications},
  year = {1998},
  volume = {20},
  pages = {78--100},
  number = {1},
  publisher = {SIAM}
}

@ARTICLE{Bassani,
  author = {M. Artoni and G. C. La Rocca and F. Bassani},
  journal = {Europhys. Lett.},
  year = {2000},
  volume = {49},
  pages = {445}
}

@ARTICLE{aryasetiawan1998gw,
  author = {Aryasetiawan, Ferdi and Gunnarsson, Olle},
  title = {The GW method},
  journal = {Rep. Prog. Phys.},
  year = {1998},
  volume = {61},
  pages = {237},
  number = {3},
  publisher = {IOP Publishing}
}

@ARTICLE{PhysRevB.59.7486,
  author = {Asahi, R. and Mannstadt, W. and Freeman, A. J.},
  title = {Optical properties and electronic structures of semiconductors with
	screened-exchange LDA},
  journal = {Phys. Rev. B},
  year = {1999},
  volume = {59},
  pages = {7486--7492},
  issue = {11},
  publisher = {American Physical Society}
}

@ARTICLE{attaccalite,
  author = {Attaccalite, C. and Gr\"uning, M. and Marini, A.},
  title = {Real-time approach to the optical properties of solids and nanostructures:
	Time-dependent Bethe-Salpeter equation},
  journal = {Phys. Rev. B},
  year = {2011},
  volume = {84},
  pages = {245110},
  doi = {10.1103/PhysRevB.84.245110}
}


@ARTICLE{sottile,
  author = {Berger, J. A. and Reining, Lucia and Sottile, Francesco},
  title = {Efficient $GW$ calculations for SnO${}_{2}$, ZnO, and rubrene: The
	effective-energy technique},
  journal = {Phys. Rev. B},
  year = {2012},
  volume = {85},
  pages = {085126},
  issue = {8},
  numpages = {11}
}

@ARTICLE{PhysRevB.83.245205,
  author = {Berkaine, Nabil and Orhan, Emmanuelle and Masson, Olivier and Thomas,
	Philippe and Junquera, Javier},
  title = {Nonlinear optical properties of TeO${}_{2}$ crystalline phases from
	first principles},
  journal = {Phys. Rev. B},
  year = {2011},
  volume = {83},
  pages = {245205},
  issue = {24},
  numpages = {10},
  publisher = {American Physical Society}
}

@ARTICLE{alexandrite,
  author = {M. S. Bigelow and N. W. Lepeshkin and R. W. Boyd},
  journal = {Science},
  year = {2003},
  volume = {301},
  pages = {200}
}

@ARTICLE{bishop:7633,
  author = {David M. Bishop and Feng Long Gu and Bernard Kirtman},
  title = {Coupled-perturbed Hartree--Fock theory for infinite periodic systems:
	Calculation of static electric properties of (LiH)[sub n], (FH)[sub
	n], (H[sub 2]O)[sub n], (--CNH--)[sub n], and (--CH = CH--)[sub n]},
  journal = {J. Chem. Phys.},
  year = {2001},
  volume = {114},
  pages = {7633-7643},
  number = {17},
  publisher = {AIP}
}

@INCOLLECTION{blount,
  author = {Blount, E.I.},
  title = {Formalism of Band Theory},
  booktitle = {Solid State Physics, Advances in Research and Applications},
  publisher = {Academinc New York},
  year = {1962},
  editor = {F. Seitz and D. Turnbull}
}

@BOOK{bonitz,
  title = {Quantum Kinetic Theory},
  publisher = {Yeubner-Verlag Stuttgart/Leipzig},
  year = {1998},
  author = {Michael Bonitz}
}

@BOOK{boyd,
  title = {Nonlinear Optics},
  publisher = {Academic Press},
  year = {2008},
  author = {Boyd, Robert W.}
}



@ARTICLE{castro:3425,
  author = {Alberto Castro and Miguel A. L. Marques and Angel Rubio},
  title = {Propagators for the time-dependent Kohn--Sham equations},
  journal = {J. Chem. Phys.},
  year = {2004},
  volume = {121},
  pages = {3425-3433},
  number = {8},
  publisher = {AIP}
}

@ARTICLE{Cazzanelli2012,
  author = {Cazzanelli, M and Bianco, F and Borga, E and Pucker, G and Ghulinyan,
	M and Degoli, E and Luppi, E and V\'{e}niard, V and Ossicini, S and
	Modotto, D and Wabnitz, S and Pierobon, R and Pavesi, L},
  title = {{Second-harmonic generation in silicon waveguides strained by silicon
	nitride}},
  journal = {Nat. Mater.},
  year = {2012},
  volume = {11},
  pages = {148--154},
  number = {2},
  issn = {1476-1122},
  mendeley-groups = {SHG\&THG},
  publisher = {Nature Publishing Group}
}


@ARTICLE{chemla,
  author = {D.S. Chemla and Jagdeep Shah},
  title = {Many-body and correlation effects in semiconductors},
  journal = {Nature},
  year = {2001},
  volume = {411},
  pages = {549}
}

@ARTICLE{PhysRevB.84.205137,
  author = {Chen, Kuang-Ting and Lee, Patrick A.},
  title = {Unified formalism for calculating polarization, magnetization, and
	more in a periodic insulator},
  journal = {Phys. Rev. B},
  year = {2011},
  volume = {84},
  pages = {205137},
  month = {Nov},
  issue = {20},
  numpages = {14},
  publisher = {American Physical Society}
}



@ARTICLE{PhysRevB.56.10105,
  author = {Dall'Olio, Sergio and Dovesi, Roberto and Resta, Raffaele},
  title = {Spontaneous polarization as a Berry phase of the Hartree-Fock wave
	function: The case of ${\mathrm{KNbO}}_{3}$},
  journal = {Phys. Rev. B},
  year = {1997},
  volume = {56},
  pages = {10105--10114},
  issue = {16},
  publisher = {American Physical Society}
}

@ARTICLE{PhysRevB.48.11789,
  author = {Del Sole, R. and Girlanda, Raffaello},
  title = {Optical properties of semiconductors within the independent-quasiparticle
	approximation},
  journal = {Phys. Rev. B},
  year = {1993},
  volume = {48},
  pages = {11789--11795},
  issue = {16},
  publisher = {American Physical Society}
}

@UNPUBLISHED{diff,
  author = {Dvornikov, M.},
  title = {Formulae of numerical differentiation},
  note = {http://arxiv.org/abs/math.NA/0306092},
  year = {2006}
}

@ARTICLE{PhysRevLett.93.126406,
  author = {Faleev, Sergey V. and van Schilfgaarde, Mark and Kotani, Takao},
  title = {All-Electron Self-Consistent $GW$ Approximation: Application to Si,
	MnO, and NiO},
  journal = {Phys. Rev. Lett.},
  year = {2004},
  volume = {93},
  pages = {126406},
  issue = {12},
  numpages = {4},
  publisher = {American Physical Society}
}


@ARTICLE{PhysRevLett.99.266402,
  author = {Gatti, Matteo and Bruneval, Fabien and Olevano, Valerio and Reining,
	Lucia},
  title = {Understanding Correlations in Vanadium Dioxide from First Principles},
  journal = {Phys. Rev. Lett.},
  year = {2007},
  volume = {99},
  pages = {266402},
  issue = {26},
  numpages = {4},
  publisher = {American Physical Society}
}

@ARTICLE{genkin,
  author = {Genkin, V. N. and Mednis, P. M.},
  journal = {Sov. Phys. JETP},
  year = {1968},
  volume = {27},
  pages = {609}
}

@ARTICLE{PhysRevB.43.9700,
  author = {Ghahramani, Ed and Moss, D. J. and Sipe, J. E.},
  title = {Full-band-structure calculation of first-, second-, and third-harmonic
	optical response coefficients of ZnSe, ZnTe, and CdTe},
  journal = {Phys. Rev. B},
  year = {1991},
  volume = {43},
  pages = {9700--9710},
  doi = {10.1103/PhysRevB.43.9700},
  issue = {12},
  publisher = {American Physical Society}
}

@ARTICLE{pwscf,
  author = {P. Giannozzi and others},
  journal = {J. Phys. Condens. Matter},
  year = {2009},
  volume = {21},
  pages = {395502},
  note = {http://www.quantum-espresso.org}
}


@ARTICLE{PSSB.427.1984,
  author = {H\"ubener, H. and Luppi, E. and V\'eniard, V.},
  title = {Ab initio calculation of second harmonic generation in solids},
  journal = {Phys. Status Solidi B},
  year = {2010},
  volume = {427},
  pages = {1984-1991},
  issue = {8}
}

@ARTICLE{harris,
  author = {Stephen E. Harris},
  title = {Electromagnetically Induced Transparency},
  journal = {Physics Today},
  year = {1997},
  volume = {50},
  pages = {36-42},
  number = {7},
  publisher = {AIP}
}

@BOOK{haug,
  title = {Quantum Statistics of Nonideal Plasmas},
  publisher = {Spinger},
  year = {2004},
  author = {Haug, Par Hartmut and Jauho, Antti-Pekka}
}


@ARTICLE{PhysRevA.85.062514,
  author = {Hofmann, D. and Kl\"upfel, S. and Kl\"upfel, P. and K\"ummel, S.},
  title = {Using complex degrees of freedom in the Kohn-Sham self-interaction
	correction},
  journal = {Phys. Rev. A},
  year = {2012},
  volume = {85},
  pages = {062514},
  issue = {6},
  numpages = {11},
  publisher = {American Physical Society}
}

@ARTICLE{PhysRev.136.B864,
  author = {Hohenberg, P. and Kohn, W.},
  title = {Inhomogeneous Electron Gas},
  journal = {Phys. Rev.},
  year = {1964},
  volume = {136},
  pages = {B864--B871},
  doi = {10.1103/PhysRev.136.B864},
  issue = {3B},
  publisher = {American Physical Society}
}

@ARTICLE{lindblad,
  author = {Isar, A. and Sandulescu, A. and Scutaru, H. and Stefanescu, E. and
	Scheid, W.},
  title = {Open quantum systems},
  journal = {International Journal of Modern Physics E},
  year = {1994},
  volume = {03},
  pages = {635-714},
  number = {02}
}

@ARTICLE{Jang:13,
  author = {J. I. Jang and S. Park and D. J. Clark and F. O. Saouma and D. Lombardo
	and C. M. Harrison and B. Shim},
  title = {Impact of two-photon absorption on second-harmonic generation in
	CdTe as probed by wavelength-dependent Z-scan nonlinear spectroscopy},
  journal = {J. Opt. Soc. Am. B},
  year = {2013},
  volume = {30},
  pages = {2292--2295},
  number = {8},
  doi = {10.1364/JOSAB.30.002292},
  keywords = {Equipment and techniques; Optical nonlinearities of condensed matter},
  publisher = {OSA}
}

@ARTICLE{Joh2011,
  author = {Joh, Daniel Y and Kinder, Jesse and Herman, Lihong H and Ju, Sang-Yong
	and Segal, Michael a and Johnson, Jeffreys N and Chan, Garnet K-L
	and Park, Jiwoong},
  title = {{Single-walled carbon nanotubes as excitonic optical wires.}},
  journal = {Nat. Nanotechnol.},
  year = {2011},
  volume = {6},
  pages = {51--6},
  number = {1},
  issn = {1748-3395},
  pmid = {21170038},
  publisher = {Nature Publishing Group}
}

@ARTICLE{Rostovtsev,
  author = {Nikolai G. Kalugin and Yuri V. Rostovtsev},
  journal = {J. Nanoelectron. Optoelectron.},
  year = {2009},
  volume = {4},
  pages = {302}
}

@ARTICLE{kammerlander,
  author = {Kammerlander, David and Botti, Silvana and Marques, Miguel A. L and
	Marini, Andrea and Attaccalite, Claudio},
  title = {Speeding up the solution of the Bethe-Salpeter equation by a double-grid
	method and Wannier interpolation},
  journal = {Phys. Rev. B},
  year = {2012},
  volume = {86},
  pages = {125203},
  issue = {12},
  numpages = {5}
}

@ARTICLE{KSV1,
  author = {King-Smith, R. D. and Vanderbilt, David},
  title = {Theory of polarization of crystalline solids},
  journal = {Phys. Rev. B},
  year = {1993},
  volume = {47},
  pages = {1651--1654},
  issue = {3},
  publisher = {American Physical Society}
}

@ARTICLE{kirtman:1294,
  author = {Bernard Kirtman and Feng Long Gu and David M. Bishop},
  title = {Extension of the Genkin and Mednis treatment for dynamic polarizabilities
	and hyperpolarizabilities of infinite periodic systems. I. Coupled
	perturbed Hartree--Fock theory},
  journal = {J. Chem. Phys.},
  year = {2000},
  volume = {113},
  pages = {1294-1309},
  number = {3},
  publisher = {AIP}
}

@ARTICLE{PhysRevLett.100.097401,
  author = {Kishida, Hideo and Nagasawa, Yoshiaki and Imamura, Sadanobu and Nakamura,
	Arao },
  title = {Direct Observation of Dark Excitons in Micelle-Wrapped Single-Wall
	Carbon Nanotubes},
  journal = {Phys. Rev. Lett.},
  year = {2008},
  volume = {100},
  pages = {097401},
  number = {9},
  numpages = {4},
  publisher = {American Physical Society}
}


@ARTICLE{PhysRevLett.63.1719,
  author = {Levine, Zachary H. and Allan, Douglas C.},
  title = {Linear optical response in silicon and germanium including self-energy
	effects},
  journal = {Phys. Rev. Lett.},
  year = {1989},
  volume = {63},
  pages = {1719--1722},
  issue = {16},
  publisher = {American Physical Society}
}

@ARTICLE{Lidorikis,
  author = {Lidorikis, Elefterios and Ferrari, Andrea C},
  title = {{Photonics with Multiwall Carbon Nanotube Arrays}},
  journal = {ACS Nano},
  volume = {3},
  pages = {1238--1248},
  number = {5}
}

@ARTICLE{GKBA,
  author = {Lipavsk\'y, P. and \ifmmode \check{S}\else \v{S}\fi{}pi\ifmmode \check{c}\else
	\v{c}\fi{}ka, V. and Velick\'y, B. },
  title = {Generalized Kadanoff-Baym ansatz for deriving quantum transport equations},
  journal = {Phys. Rev. B},
  year = {1986},
  volume = {34},
  pages = {6933--6942},
  number = {10}
}

@ARTICLE{ma:3368,
  author = {Ying-Zhong Ma and Jens Stenger and J\"{o}rg Zimmermann and Sergei
	M. Bachilo and Richard E. Smalley and R. Bruce Weisman and Graham
	R. Fleming},
  title = {Ultrafast carrier dynamics in single-walled carbon nanotubes probed
	by femtosecond spectroscopy},
  journal = {J. Chem. Phys.},
  year = {2004},
  volume = {120},
  pages = {3368-3373},
  number = {7},
  publisher = {AIP}
}

@ARTICLE{restagw,
  author = {Massidda, S and Resta, R and Posternak, M and Baldereschi, A},
  title = {Polarization and dynamical charge of ZnO within different one-particle
	schemes},
  journal = {Phys. Rev. B},
  year = {1995},
  volume = {52},
  pages = {R16977},
  number = {24},
  publisher = {APS}
}

@ARTICLE{meng:054110,
  author = {Sheng Meng and Efthimios Kaxiras},
  title = {Real-time, local basis-set implementation of time-dependent density
	functional theory for excited state dynamics simulations},
  journal = {J. Chem. Phys.},
  year = {2008},
  volume = {129},
  pages = {054110},
  number = {5},
  eid = {054110},
  doi = {10.1063/1.2960628},
  keywords = {carbon compounds; density functional theory; excited states; ground
	states; hydrogen neutral molecules; organic compounds; ozone; polarisability;
	wave functions},
  numpages = {12},
  publisher = {AIP}
}

@ARTICLE{PhysRevLett.98.027404,
  author = {Mortimer, I. B. and Nicholas, R. J.},
  title = {Role of Bright and Dark Excitons in the Temperature-Dependent Photoluminescence
	of Carbon Nanotubes},
  journal = {Phys. Rev. Lett.},
  year = {2007},
  volume = {98},
  pages = {027404},
  number = {2},
  numpages = {4},
  publisher = {American Physical Society}
}

@ARTICLE{PhysRevB.41.1542,
  author = {Moss, D. J. and Ghahramani, E and Sipe, J. E. and van Driel, H. M.},
  title = {Band-structure calculation of dispersion and anisotropy in $\chi$->\^{}$\{$(3)$\}$
	for third-harmonic generation in Si, Ge, and GaAs},
  journal = {Phys. Rev. B},
  year = {1990},
  volume = {41},
  pages = {1542},
  number = {3},
  publisher = {APS}
}

@ARTICLE{gonze,
  author = {Nunes, R. W. and Gonze, Xavier},
  title = {Berry-phase treatment of the homogeneous electric field perturbation
	in insulators},
  journal = {Phys. Rev. B},
  year = {2001},
  volume = {63},
  pages = {155107},
  numpages = {22},
  publisher = {American Physical Society}
}


@ARTICLE{Perebeinos2005,
  author = {Perebeinos, Vasili and Tersoff, J and Avouris, Phaedon},
  title = {{Radiative lifetime of excitons in carbon nanotubes.}},
  journal = {Nano Lett.},
  year = {2005},
  volume = {5},
  pages = {2495--9},
  number = {12},
  keywords = {Computer Simulation,Electric Conductivity,Electrons,Half-Life,Models,
	Chemical,Models, Molecular,Nanotubes, Carbon,Nanotubes, Carbon: chemistry,Particle
	Size,Radiometry,Temperature},
  pmid = {16351202},
  publisher = {American Chemical Society}
}

@ARTICLE{PhysRevLett.92.257402,
  author = {Perebeinos, Vasili and Tersoff, J. and Avouris, Phaedon },
  title = {Scaling of Excitons in Carbon Nanotubes},
  journal = {Phys. Rev. Lett.},
  year = {2004},
  volume = {92},
  pages = {257402},
  number = {25},
  numpages = {4},
  publisher = {American Physical Society}
}

@MISC{mcookbook,
  author = {K. B. Petersen and M. S. Pedersen},
  title = {The Matrix Cookbook},
  month = {nov},
  year = {2012},
  note = {Version 20121115},
  keywords = {Matrix identity, matrix relations, inverse, matrix derivative},
  publisher = {Technical University of Denmark},
  url = {http://www2.imm.dtu.dk/pubdb/p.php?3274}
}

@ARTICLE{interpolation,
  author = {Pickett, Warren E. and Krakauer, Henry and Allen, Philip B.},
  title = {Smooth Fourier interpolation of periodic functions},
  journal = {Phys. Rev. B},
  year = {1988},
  volume = {38},
  pages = {2721--2726},
  issue = {4},
  publisher = {American Physical Society}
}

@ARTICLE{PhysRevLett.95.077402,
  author = {Reich, Stephanie and Thomsen, Christian and Robertson, John },
  title = {Exciton Resonances Quench the Photoluminescence of Zigzag Carbon
	Nanotubes},
  journal = {Phys. Rev. Lett.},
  year = {2005},
  volume = {95},
  pages = {077402},
  number = {7},
  numpages = {4},
  publisher = {American Physical Society}
}

@UNPUBLISHED{restanotes,
  author = {Resta, Raffaele},
  title = {Geometry and Topology in Electronic Structure Theory},
  url  = {http://www-dft.ts.infn.it/~resta/sissa/draft.pdf}
}

@ARTICLE{PhysRevLett.80.1800,
  author = {Resta, Raffaele},
  title = {Quantum-Mechanical Position Operator in Extended Systems},
  journal = {Phys. Rev. Lett.},
  year = {1998},
  volume = {80},
  pages = {1800--1803},
  issue = {9}
}

@ARTICLE{RevModPhys.66.899,
  author = {Resta, Raffaele},
  title = {Macroscopic polarization in crystalline dielectrics: the geometric
	phase approach},
  journal = {Rev. Mod. Phys.},
  year = {1994},
  volume = {66},
  pages = {899--915},
  issue = {3},
  publisher = {American Physical Society}
}

@ARTICLE{PhysRevB.73.205119,
  author = {Rozzi, Carlo A. and Varsano, Daniele and Marini, Andrea and Gross,
	Eberhard K. U. and Rubio, Angel },
  title = {Exact Coulomb cutoff technique for supercell calculations},
  journal = {Phys. Rev. B},
  year = {2006},
  volume = {73},
  pages = {205119},
  number = {20},
  numpages = {13},
  publisher = {American Physical Society}
}

@ARTICLE{PhysRevLett.96.226402,
  author = {van~Schilfgaarde, M. and Kotani, Takao and Faleev, S.},
  title = {Quasiparticle Self-Consistent $GW$ Theory},
  journal = {Phys. Rev. Lett.},
  year = {2006},
  volume = {96},
  pages = {226402},
  issue = {22},
  numpages = {4},
  publisher = {American Physical Society}
}

@ARTICLE{PhysRevB.33.1183,
  author = {Schmitt-Rink, S. and Ell, C. and Haug, H. },
  title = {Many-body effects in the absorption, gain, and luminescence spectra
	of semiconductor quantum-well structures},
  journal = {Phys. Rev. B},
  year = {1986},
  volume = {33},
  pages = {1183--1189},
  number = {2},
  numpages = {6},
  publisher = {American Physical Society}
}

@ARTICLE{PhysRevB.75.235102,
  author = {Shishkin, M. and Kresse, G.},
  title = {Self-consistent $GW$ calculations for semiconductors and insulators},
  journal = {Phys. Rev. B},
  year = {2007},
  volume = {75},
  pages = {235102},
  issue = {23},
  numpages = {9},
  publisher = {American Physical Society}
}

@ARTICLE{Shoji:97,
  author = {Ichiro Shoji and Takashi Kondo and Ayako Kitamoto and Masayuki Shirane
	and Ryoichi Ito},
  title = {Absolute scale of second-order nonlinear-optical coefficients},
  journal = {J. Opt. Soc. Am. B},
  year = {1997},
  volume = {14},
  pages = {2268--2294},
  number = {9},
  doi = {10.1364/JOSAB.14.002268},
  publisher = {OSA}
}

@ARTICLE{PhysRevB.48.11705,
  author = {Sipe, J. E. and Ghahramani, Ed},
  title = {Nonlinear optical response of semiconductors in the independent-particle
	approximation},
  journal = {Phys. Rev. B},
  year = {1993},
  volume = {48},
  pages = {11705--11722},
  issue = {16}
}

@ARTICLE{souza_prb,
  author = {Souza, Ivo and \'I\~niguez, Jorge and Vanderbilt, David},
  title = {Dynamics of Berry-phase polarization in time-dependent electric fields},
  journal = {Phys. Rev. B},
  year = {2004},
  volume = {69},
  pages = {085106},
  issue = {8},
  numpages = {16},
  publisher = {American Physical Society}
}

@ARTICLE{souza_prl,
  author = {Souza, Ivo and \'I\~niguez, Jorge and Vanderbilt, David},
  title = {First-Principles Approach to Insulators in Finite Electric Fields},
  journal = {Phys. Rev. Lett.},
  year = {2002},
  volume = {89},
  pages = {117602},
  issue = {11},
  numpages = {4},
  publisher = {American Physical Society}
}

@ARTICLE{PhysRevLett.92.077402,
  author = {Spataru, Catalin D. and Ismail-Beigi, Sohrab and Benedict, Lorin
	X. and Louie, Steven G.},
  title = {Excitonic Effects and Optical Spectra of Single-Walled Carbon Nanotubes},
  journal = {Phys. Rev. Lett.},
  year = {2004},
  volume = {92},
  pages = {077402},
  number = {7},
  numpages = {4},
  publisher = {American Physical Society}
}

@ARTICLE{PhysRevLett.95.247402,
  author = {Spataru, Catalin D. and Ismail-Beigi, Sohrab and Capaz, Rodrigo B.
	and Louie, Steven G.},
  title = {Theory and Ab Initio Calculation of Radiative Lifetime of Excitons
	in Semiconducting Carbon Nanotubes},
  journal = {Phys. Rev. Lett.},
  year = {2005},
  volume = {95},
  pages = {247402},
  number = {24},
  numpages = {4},
  publisher = {American Physical Society}
}

@ARTICLE{springborg,
  author = {Springborg, Michael and Kirtman, Bernard},
  title = {Analysis of vector potential approach for calculating linear and
	nonlinear responses of infinite periodic systems to a finite static
	external electric field},
  journal = {Phys. Rev. B},
  year = {2008},
  volume = {77},
  pages = {045102},
  issue = {4},
  numpages = {14},
  publisher = {American Physical Society}
}

@ARTICLE{PhysRevA.3.1242,
  author = {Starace, Anthony F.},
  title = {Length and Velocity Formulas in Approximate Oscillator-Strength Calculations},
  journal = {Phys. Rev. A},
  year = {1971},
  volume = {3},
  pages = {1242--1245},
  issue = {4},
  publisher = {American Physical Society}
}

@ARTICLE{stella,
  author = {Stella, Lorenzo and Attaccalite, Claudio and Sorella, Sandro and
	Rubio, Angel},
  title = {Strong electronic correlation in the hydrogen chain: A variational
	Monte Carlo study},
  journal = {Phys. Rev. B},
  year = {2011},
  volume = {84},
  pages = {245117},
  number = {24},
  publisher = {APS}
}

@ARTICLE{PhysRevB.25.2867,
  author = {Strinati, G. and Mattausch, H. J. and Hanke, W.},
  title = {Dynamical aspects of correlation corrections in a covalent crystal},
  journal = {Phys. Rev. B},
  year = {1982},
  volume = {25},
  pages = {2867--2888},
  issue = {4},
  publisher = {American Physical Society}
}


@ARTICLE{KSV2,
  author = {Vanderbilt, David and King-Smith, R. D.},
  title = {Electric polarization as a bulk quantity and its relation to surface
	charge},
  journal = {Phys. Rev. B},
  year = {1993},
  volume = {48},
  pages = {4442--4455},
  doi = {10.1103/PhysRevB.48.4442},
  issue = {7},
  publisher = {American Physical Society}
}

@ARTICLE{vargas:144108,
  author = {Jorge Vargas and Michael Springborg},
  title = {Building band structures for long finite chains in presence of an
	electric field},
  journal = {J. Chem. Phys.},
  year = {2012},
  volume = {137},
  pages = {144108},
  number = {14},
  publisher = {AIP}
}

@ARTICLE{PhysRevLett.104.056401,
  author = {Vidal, Julien and Botti, Silvana and Olsson, P\"ar and Guillemoles,
	Jean-Fran\ifmmode \mbox{\c{c}}\else \c{c}\fi{}ois and Reining, Lucia},
  title = {Strong Interplay between Structure and Electronic Properties in $\mathrm{CuIn}(\mathbf{S},\mathrm{Se}{)}_{2}$:
	A First-Principles Study},
  journal = {Phys. Rev. Lett.},
  year = {2010},
  volume = {104},
  pages = {056401},
  issue = {5},
  numpages = {4},
  publisher = {American Physical Society}
}

@ARTICLE{PhysRevB.80.165318,
  author = {Virk, Kuljit S. and Sipe, J. E.},
  title = {Multidimensional Fourier spectroscopy of semiconductors. I. Nonequilibrium
	Green function approach},
  journal = {Phys. Rev. B},
  year = {2009},
  volume = {80},
  pages = {165318},
  issue = {16},
  numpages = {29},
  publisher = {American Physical Society}
}

@ARTICLE{PhysRevB.81.155123,
  author = {Vora, P. M. and Tu, X. and Mele, E. J. and Zheng, M. and Kikkawa,
	J. M.},
  title = {Chirality dependence of the $K$ -momentum dark excitons in carbon
	nanotubes},
  journal = {Phys. Rev. B},
  year = {2010},
  volume = {81},
  pages = {155123},
  number = {15},
  numpages = {9},
  publisher = {American Physical Society}
}

@ARTICLE{PhysRevLett.92.177401,
  author = {Wang, Feng and Dukovic, Gordana and Brus, Louis E. and Heinz, Tony
	F.},
  title = {Time-Resolved Fluorescence of Carbon Nanotubes and Its Implication
	for Radiative Lifetimes},
  journal = {Phys. Rev. Lett.},
  year = {2004},
  volume = {92},
  pages = {177401},
  number = {17},
  numpages = {4},
  publisher = {American Physical Society}
}

@ARTICLE{excitons,
  author = {F. Wang and others},
  journal = {Science},
  year = {2005},
  volume = {308},
  pages = {838}
}

@ARTICLE{PhysRevB.54.4484,
  author = {Yabana, K. and Bertsch, G. F.},
  title = {Time-dependent local-density approximation in real time},
  journal = {Phys. Rev. B},
  year = {1996},
  volume = {54},
  pages = {4484--4487},
  doi = {10.1103/PhysRevB.54.4484},
  issue = {7},
  publisher = {American Physical Society}
}

@ARTICLE{PhysRevB.58.1222,
  author = {Yaschenko, E. and Fu, L. and Resca, L. and Resta, R.},
  title = {Macroscopic polarization as a discrete Berry phase of the Hartree-Fock
	wave function: The single-point limit},
  journal = {Phys. Rev. B},
  year = {1998},
  volume = {58},
  pages = {1222--1229},
  issue = {3},
  publisher = {American Physical Society}
}

@ARTICLE{PhysRevB.73.081202,
  author = {Yoshioka, Kosuke and Kuwata-Gonokami, Makoto },
  title = {Dark excitons in $ Cu2 O $ crystals for two-photon coherence storage
	in semiconductors},
  journal = {Phys. Rev. B},
  year = {2006},
  volume = {73},
  pages = {081202},
  number = {8},
  numpages = {4},
  publisher = {American Physical Society}
}

@ARTICLE{PhysRevLett.93.157402,
  author = {Zhao, Hongbo and Mazumdar, Sumit },
  title = {Electron-Electron Interaction Effects on the Optical Excitations
	of Semiconducting Single-Walled Carbon Nanotubes},
  journal = {Phys. Rev. Lett.},
  year = {2004},
  volume = {93},
  pages = {157402},
  number = {15},
  numpages = {4},
  publisher = {American Physical Society}
}

@ARTICLE{PhysRevB.73.075403,
  author = {Zhao, H. and Mazumdar, S. and Sheng, C.-X. and Tong, M. and Vardeny,
	Z. V.},
  title = {Photophysics of excitons in quasi-one-dimensional organic semiconductors:
	Single-walled carbon nanotubes and $\pi{}$ -conjugated polymers},
  journal = {Phys. Rev. B},
  year = {2006},
  volume = {73},
  pages = {075403},
  number = {7},
  numpages = {11},
  publisher = {American Physical Society}
}

@BOOK{dresselhaus,
  title = {Carbon nanotubes: advanced topics in the synthesis, structure, properties
	and applications},
  publisher = {Springer},
  year = {2008},
  editor = {Ado Jorio, G. Dresselhaus, M. S. Dresselhaus}
}

@BOOK{koonin90,
  title = {Computational Physics: Fortran Version},
  publisher = {Perseus Books},
  year = {2008},
  editor = {Koonin, Steven E. and Meredith Dawn C.}
}

@article{martin1997functional,
  title={Functional theory of extended Coulomb systems},
  author={Martin, Richard M and Ortiz, Gerardo},
  journal={Physical Review B},
  volume={56},
  number={3},
  pages={1124},
  year={1997},
  publisher={APS}
}

@article{PhysRevB.85.045134,
  title = {Time-dependent density functional theory for strong electromagnetic fields in crystalline solids},
  author = {Yabana, K. and Sugiyama, T. and Shinohara, Y. and Otobe, T. and Bertsch, G. F.},
  journal = {Phys. Rev. B},
  volume = {85},
  issue = {4},
  pages = {045134},
  numpages = {11},
  year = {2012},
  month = {Jan},
  publisher = {American Physical Society},
}


@article{bloembergen1982nonlinear,
  title={Nonlinear optics and spectroscopy},
  author={Bloembergen, Nicolaas},
  journal={Reviews of Modern Physics},
  volume={54},
  number={3},
  pages={685},
  year={1982},
  publisher={APS}
}


@article{pantazis2010second,
  title={Second harmonic generating (SHG) nanoprobes for in vivo imaging},
  author={Pantazis, Periklis and Maloney, James and Wu, David and Fraser, Scott E},
  journal={Proceedings of the National Academy of Sciences},
  volume={107},
  number={33},
  pages={14535--14540},
  year={2010},
  publisher={National Acad Sciences}
}


@article{PhysRevB.57.14569,
  title = {Analytical expressions for the local-field factor $G(q)$ and the exchange-correlation kernel ${K}_{\mathrm{xc}}(r)$ of the homogeneous electron gas},
  author = {Corradini, Massimiliano and Del Sole, Rodolfo and Onida, Giovanni and Palummo, Maurizia},
  journal = {Phys. Rev. B},
  volume = {57},
  issue = {23},
  pages = {14569--14571},
  numpages = {0},
  year = {1998},
  month = {Jun},
  publisher = {American Physical Society},
}

