@article{Aulbur1996,
author = {Aulbur, Wilfried and J\"{o}nsson, Lars and Wilkins, John},
doi = {10.1103/PhysRevB.54.8540},
issn = {0163-1829},
journal = {Physical Review B},
month = sep,
number = {12},
pages = {8540--8550},
title = {{Polarization-dependent density-functional theory and quasiparticle theory: Optical response beyond local-density approximations}},
volume = {54},
year = {1996}
}
@article{DeBoeij2001,
author = {de Boeij, P. L. and Kootstra, F. and Berger, J. A. and van Leeuwen, R. and Snijders, J. G.},
doi = {10.1063/1.1385370},
issn = {00219606},
journal = {The Journal of Chemical Physics},
number = {5},
pages = {1995},
title = {{Current density functional theory for optical spectra: A polarization functional}},
volume = {115},
year = {2001}
}
@article{Umari2005,
author = {Umari, P. and Pasquarello, Alfredo},
doi = {10.1002/qua.20324},
issn = {00207608},
journal = {International Journal of Quantum Chemistry},
mendeley-groups = {density-polarization},
number = {6},
pages = {666--670},
title = {{Density functional theory with finite electric field}},
volume = {101},
year = {2005}
}

@article{Ghosez1997,
author = {Ghosez, Ph. and Gonze, X. and Godby, R.},
doi = {10.1103/PhysRevB.56.12811},
issn = {0163-1829},
journal = {Physical Review B},
month = nov,
number = {20},
pages = {12811--12817},
title = {{Long-wavelength behavior of the exchange-correlation kernel in the Kohn-Sham theory of periodic systems}},
volume = {56},
year = {1997}
}
@article{Gonze1995,
author = {Gonze, X. and Ghosez, Ph. and Godby, R.},
doi = {10.1103/PhysRevLett.74.4035},
issn = {0031-9007},
journal = {Physical Review Letters},
month = may,
number = {20},
pages = {4035--4038},
title = {{Density-Polarization Functional Theory of the Response of a Periodic Insulating Solid to an Electric Field}},
volume = {74},
year = {1995}
}
@article{Gonze1997,
author = {Gonze, X. and Ghosez, Ph. and Godby, R.},
doi = {10.1103/PhysRevLett.78.294},
issn = {0031-9007},
journal = {Physical Review Letters},
month = jan,
number = {2},
pages = {294--297},
title = {{Density-Functional Theory of Polar Insulators}},
volume = {78},
year = {1997}
}
@article{Martin1998,
author = {Martin, Richard M. and Ortiz, Gerardo},
doi = {10.1002/(SICI)1097-461X(1998)69:4<567::AID-QUA14>3.0.CO;2-X},
issn = {0020-7608},
journal = {International Journal of Quantum Chemistry},
number = {4},
pages = {567--572},
title = {{Microscopic functional theory of dielectrics}},
volume = {69},
year = {1998}
}
@article{Martin1997,
author = {Martin, Richard and Ortiz, Gerardo},
doi = {10.1103/PhysRevB.56.1124},
issn = {0163-1829},
journal = {Physical Review B},
month = jul,
number = {3},
pages = {1124--1140},
title = {{Functional theory of extended Coulomb systems}},
volume = {56},
year = {1997}
}
@article{Resta1996,
author = {Resta, R.},
doi = {10.1103/PhysRevLett.77.2265},
issn = {0031-9007},
journal = {Physical Review Letters},
month = sep,
number = {11},
pages = {2265--2267},
title = {{Density-Polarization-Functional Theory and Long-Range Correlation in Dielectrics}},
volume = {77},
year = {1996}
}
@article{Vanderbilt1997,
author = {Vanderbilt, David},
doi = {10.1103/PhysRevLett.79.3966},
issn = {0031-9007},
journal = {Physical Review Letters},
month = nov,
number = {20},
pages = {3966--3969},
title = {{Nonlocality of Kohn-Sham Exchange-Correlation Fields in Dielectrics}},
volume = {79},
year = {1997}
}
@article{maitra2003current,
author = {Maitra, Neepa and Souza, Ivo and Burke, Kieron},
doi = {10.1103/PhysRevB.68.045109},
issn = {0163-1829},
journal = {Physical Review B},
month = jul,
number = {4},
pages = {045109},
title = {{Current-density functional theory of the response of solids}},
volume = {68},
year = {2003}
}
