@ARTICLE{Adler,
  author = {Adler, Stephen L.},
  title = {Quantum Theory of the Dielectric Constant in Real Solids},
  journal = {Phys. Rev.},
  year = {1962},
  volume = {126},
  pages = {413--420},
  issue = {2},
  publisher = {American Physical Society}
}

@article{neumann,
  title={Wahrscheinlichkeitstheoretischer aufbau der quantenmechanik},
  author={Von Neumann, John},
  journal={Nachrichten von der Gesellschaft der Wissenschaften zu G{\"o}ttingen, Mathematisch-Physikalische Klasse},
  volume={1927},
  pages={245--272},
  year={1927}
}

@article{bauer2005strong,
   title={Strong-field approximation for intense-laser--atom processes: The choice of gauge},
   author={Bauer, Dieter and Milo{\v{s}}evi{\'c}, DB and Becker, W},
   journal={Physical Review A},
    volume={72},
    number={2},
    pages={023415},
     year={2005},
   publisher={APS}
}

@ARTICLE{Onida,
  author = {Onida, Giovanni and Reining, Lucia and Rubio, Angel },
  title = {Electronic excitations: density-functional versus many-body Green's-function
	approaches},
  journal = {Rev. Mod. Phys.},
  year = {2002},
  volume = {74},
  pages = {601--659},
  number = {2},
  numpages = {58},
  publisher = {American Physical Society}
}

@article{DelSole,
  title={Macroscopic dielectric tensor at crystal surfaces},
  author={Del Sole, R and Fiorino, E},
  journal={Physical Review B},
  volume={29},
  number={8},
  pages={4631},
  year={1984},
  publisher={APS}
}


@article{Chang,
  title={Experimental observation of the quantum anomalous Hall effect in a magnetic topological insulator},
  author={Chang, Cui-Zu and Zhang, Jinsong and Feng, Xiao and Shen, Jie and Zhang, Zuocheng and Guo, Minghua and Li, Kang and Ou, Yunbo and Wei, Pang and Wang, Li-Li and others},
  journal={Science},
  volume={340},
  number={6129},
  pages={167--170},
  year={2013},
  publisher={American Association for the Advancement of Science}
}


@article{Sangalli,
  title={Pseudopotential-based first-principles approach to the magneto-optical Kerr effect: From metals to the inclusion of local fields and excitonic effects},
  author={Sangalli, Davide and Marini, Andrea and Debernardi, Alberto},
  journal={Physical Review B},
  volume={86},
  number={12},
  pages={125139},
  year={2012},
  publisher={APS}
}


@article{Louie2000,
  title={Electron-hole excitations and optical spectra from first principles},
  author={Rohlfing, Michael and Louie, Steven G},
  journal={Physical Review B},
  volume={62},
  number={8},
  pages={4927},
  year={2000},
  publisher={APS}
}

@article{Spataru2005,
  title = {Theory and \textit{Ab Initio} Calculation of Radiative Lifetime of Excitons in Semiconducting Carbon Nanotubes},
  author = {Spataru, Catalin D. and Ismail-Beigi, Sohrab and Capaz, Rodrigo B. and Louie, Steven G.},
  journal = {Phys. Rev. Lett.},
  volume = {95},
  issue = {24},
  pages = {247402},
  numpages = {4},
  year = {2005},
  month = {Dec},
  publisher = {American Physical Society},
  doi = {10.1103/PhysRevLett.95.247402},
}

@article{Palummo2015,
  author = {Palummo, Maurizia and Bernardi, Marco and Grossman, Jeffrey C.},
  title = {Exciton Radiative Lifetimes in Two-Dimensional Transition Metal Dichalcogenides},
  journal = {Nano Letters},
  volume = {15},
  number = {5},
  pages = {2794-2800},
  year = {2015},
  doi = {10.1021/nl503799t},
}

@article{Checkelsky,
  title={Dirac-fermion-mediated ferromagnetism in a topological insulator},
  author={Checkelsky, Joseph G and Ye, Jianting and Onose, Yoshinori and Iwasa, Yoshihiro and Tokura, Yoshinori},
  journal={Nature Physics},
  volume={8},
  number={10},
  pages={729--733},
  year={2012},
  publisher={Nature Publishing Group}
}


@book{Giuliani,
  title={Quantum theory of the electron liquid},
  author={Giuliani, Gabriele and Vignale, Giovanni},
  year={2005},
  publisher={Cambridge university press}
}


@book{NozieresPines,
  title={Theory of quantum liquids},
  author={Nozi{\`e}res, Philippe and Pines, David},
  year={1999},
  publisher={Westview Press}
}


@article{Martin,
  title={Functional theory of extended Coulomb systems},
  author={Martin, Richard M and Ortiz, Gerardo},
  journal={Physical Review B},
  volume={56},
  number={3},
  pages={1124},
  year={1997},
  publisher={APS}
}

@article{Yabana2012,
  title = {Time-dependent density functional theory for strong electromagnetic fields in crystalline solids},
  author = {Yabana, K. and Sugiyama, T. and Shinohara, Y. and Otobe, T. and Bertsch, G. F.},
  journal = {Phys. Rev. B},
  volume = {85},
  issue = {4},
  pages = {045134},
  numpages = {11},
  year = {2012},
  month = {Jan},
  publisher = {American Physical Society},
  doi = {10.1103/PhysRevB.85.045134},
}

@article{Cazzaniga2010,
  title = {\textit{Ab initio}   intraband contributions to the optical properties of metals},
  author = {Cazzaniga, Marco and Caramella, Lucia and Manini, Nicola and Onida, Giovanni},
  journal = {Phys. Rev. B},
  volume = {82},
  issue = {3},
  pages = {035104},
  numpages = {7},
  year = {2010},
  month = {Jul},
  publisher = {American Physical Society},
  doi = {10.1103/PhysRevB.82.035104},
}

% Quantum espresso
@article{Giannozzi2009,
  author={Paolo Giannozzi and Stefano Baroni and Nicola Bonini and Matteo Calandra and Roberto Car and Carlo Cavazzoni and Davide
Ceresoli and Guido L Chiarotti and Matteo Cococcioni and Ismaila Dabo and Andrea Dal Corso and Stefano de
Gironcoli and Stefano Fabris and Guido Fratesi and Ralph Gebauer and Uwe Gerstmann and Christos Gougoussis and Anton
Kokalj and Michele Lazzeri and Layla Martin-Samos and Nicola Marzari and Francesco Mauri and Riccardo Mazzarello and Stefano
Paolini and Alfredo Pasquarello and Lorenzo Paulatto and Carlo Sbraccia and Sandro Scandolo and Gabriele Sclauzero and Ari P
Seitsonen and Alexander Smogunov and Paolo Umari and Renata M Wentzcovitch},
  title={QUANTUM ESPRESSO: a modular and open-source software project for quantum simulations of materials},
  journal={J. Phys.: Condensed Matter},
  volume={21},
  number={39},
  pages={395502},
  url={http://stacks.iop.org/0953-8984/21/i=39/a=395502},
  year={2009},
  abstract={QUANTUM ESPRESSO is an integrated suite of computer codes for electronic-structure calculations and materials modeling, based on density-functional theory}
}

@book{manybodybook,
  title={Quantum theory of many-particle systems},
  author={Fetter, Alexander L and Walecka, John Dirk},
  year={2003},
  publisher={Courier Corporation}
}


@article{wigner,
   title={Berechnung der nat{\"u}rlichen linienbreite auf grund der diracschen lichttheorie},
   author={Weisskopf, Victor and Wigner, Eugene},
   journal={Zeitschrift f{\"u}r Physik},
   volume={63},
   number={1-2},
   pages={54--73},
   year={1930},
  publisher={Springer}
}

@book{kadanoff,
  title={Quantum statistical mechanics},
  author={Kadanoff, Leo P and Baym, Gordon A},
  year={1962},
  publisher={Benjamin}
}


@article{bertsch2000real,
  title={Real-space, real-time method for the dielectric function},
  author={Bertsch, George F and Iwata, J-I and Rubio, Angel and Yabana, Kazuhiro},
  journal={Physical Review B},
  volume={62},
  number={12},
  pages={7998},
  year={2000},
  publisher={APS}
}


@article{bandrauk2013atoms,
  title={Atoms and molecules in intense laser fields: gauge invariance of theory and models},
  author={Bandrauk, Andr{\'e} D and Fillion-Gourdeau, Fran{\c{c}}ois and Lorin, Emmanuel},
  journal={Journal of Physics B: Atomic, Molecular and Optical Physics},
  volume={46},
  number={15},
  pages={153001},
  year={2013},
  publisher={IOP Publishing}
}

@article{romaniello2005,
  title = {Time-dependent current-density-functional theory for the metallic response of solids},
  author = {Romaniello, P. and de Boeij, P. L.},
  journal = {Phys. Rev. B},
  volume = {71},
  issue = {15},
  pages = {155108},
  numpages = {17},
  year = {2005},
  month = {Apr},
  publisher = {American Physical Society},
  doi = {10.1103/PhysRevB.71.155108},
}

@article{berger2006,
  title = {Performance of the Vignale-Kohn functional in the linear response of metals},
  author = {Berger, J. A. and Romaniello, P. and van Leeuwen, R. and de Boeij, P. L.},
  journal = {Phys. Rev. B},
  volume = {74},
  issue = {24},
  pages = {245117},
  numpages = {13},
  year = {2006},
  month = {Dec},
  publisher = {American Physical Society},
  doi = {10.1103/PhysRevB.74.245117},
}
